
@book
{PENNES,
	author = {Harry H. Pennes},
    title = {Analysis of Tissue and Arterial Blood Temperatures in the Resting Human Forearm},
    publisher = {Journal of APPLIED PHYSIOLOGY},
    year = {1948},
    edition = {Volume 1},
   pages = {34},
}


@book
{Lawson,
	author = {RAY LAWSON},
    title = {IMPLICATIONS OF SURFACE TEMPERATURES IN THE DIAGNOSIS OF BREAST CANCER},
    year = {1956},
    publisher = {Clinical and Laboratory Notes},
    Adress = { Montreal, Canadá }
    edition = {Volume 75},
    pages = {34},
}



@masterthesis
{Fabricio,
	author = {Fabrício Ribeiro Bueno},
    title = {Análise inversa com uso de algoritmo genético para localização de tumores de pele discretizados em elementos de contorno com reciprocidade dual},
    year = {2008},
    adress = {Universidade de Brasília },
    pages = {76},
}

@masterthesis
{Marcus,
	author = {Marcus Vinicius Costa de Souza},
    title = {Otimização de termos fontes em problemas de biotransferência de calor },
    year = {2009},
    adress = {Instituto militar de engenharia},
    pages = {170},
}

@masterthesis
{Giselle,
	author = {Giselle Maria Lopes Leite da Silva},
    title = {Análise da biotransferência de calor nos tecidos oculares devido à presença de implantes retinianos através da utilização do método dos volumes finitos em malhas não-estruturadas },
    year = {2004},
    adress = {Recife, Universidade Federal de Pernambuco },
    pages = {59},

} 

@masterthesis
{Carla,
	author = {Carla Simone Cardoso Guimarães},
    title = {Modelagem computacional da biotransferência de calor no tratamento por hipertermia em tumores de duodeno através do método dos volumes finitos em malhas não-estruturadas},
    year = {2003},
    adress = {Universidade Federal de Pernambuco},
    pages = {80}
    }
  @article{Andersson,
  title={mathematical model for predicting the temperature distribution in laser-induced hyperthermia. Experimental evaluation and applications},
  author={C.Sturesson and Stefan Anderrson-Engels},
  pages={18},
  year={1995},
  
}
@article{Olho,
  title={Análise computacional do dano térmico no olho humano portador de um melanoma de coroide quando submetido à termoterapia transpupilar a laser},
  author={José Duarte da Silva and Paulo Roberto Maciel Lyra and Rita de Cássia Fernandes de Lima},
  journal={Revista Brasileira de Engenharia Biomédica},
  pages={69},
  year={2013},
  
}

@book
{Jain,
	author = {Jain R.K},
    title = {Bioheat transfer: mathematical models of thermal systems Hyperthermia in Cancer Therapy},
    year = {1983},
    Adress = { Boston }
    pages = {9-46},
}

@manual
{Estimativa,
	author = {Ministério da Educaçao},
    title = { Estimativa-2018 Incidência de Câncer no Brasil},
    publisher = {INCA},
    year = {2018},
    pages = {126},
}

@book
{Arduino,
	author = {Michael McRoberts},
    title = {Beginning Arduino},
    publisher = {Technology in Action},
    year = {2013},
    edition = {Segunda Edição},
    isbn = {ISBN},
}

@manual
{MSP,
	author = {Alessandro Ferreira da Cunha},
    title = {Cursos MSP430 Linguagem C},
    pages = {55},
}

@book
{RISCandCISC,
	author = {Farhat Masood},
    title = {Normal cutaneous wound healing: clinical correlation with cellular and molecular events},
    year = {2005},
    publisher = {College of Electrical and Mechanical Engineering National University of Sciences and Technology (NUST)},
    pages = {21},
}

@masterthesis
{Yasmin,
	author = {Yasmin Carneiro Lobo Macedo},
    title = {Proposta e análise de um circuito para neoformação tecidual},
    year = {2015},
    adress = {Universidade de Brasília - UnB Campus Gama - FGA},
    pages = {46},
}

@masterthesis
{Ricardo,
	author = {Ricardo de Aguiar Fernandes Delduque},
    title = {Análise e otimização do RAPHA: registro mestre do produto e algoritmo de irradiância luminosa},
    year = {2017},
    adress = {Universidade de Brasília - UnB Campus Gama - FGA},
    pages = {128},
}

@article{
Fototerapia1,
	AUTHOR = {Ida Duarte, Roberta Buense, Clarice Kobata},
	TITLE = {Fototerapia},
	YEAR = {2006},
	pages = {9},
} 

@article{
Fototerapia2,
	AUTHOR = {José Lacerda Brasileiro, Wagner Tadeu Pereira Oliveira},
	TITLE = {Pé diabético: aspectos clínicos},
	YEAR = {2005},
	pages = {11},
} 

Zhang, P., et al., Global healthcare expenditure on diabetes for 2010 and 2030.
Diabetes Res Clin Pract, 2010

Al-Qaisi, M., et al., Ankle brachial pressure index (ABPI): An update for
practitioners. Vasc Health Risk Manag, 2009

@electronic{sbd,
        Author = {{Sociedade Brasileira de dermatologia}},
        Date-Added = {2018-04-04 17:33:21 -0300},
        Date-Modified = {2018-04-04 17:33:46 -0300},
        Url =
{http://www.sbd.org.br/dermatologia/pele/doencas-e-problemas/cancer-da-pele/64/},
        Year = {2018}}

}

Ver em: http://www.sbd.org.br/; Acesso em: 15 març. 2018.
Verem:http://www2.inca.gov.br/wps/wcm/connect/inca/portal/home; Acesso em: 30 març. 2018.


