
@book
{PENNES,
	author = {Harry H. Pennes},
    title = {Analysis of Tissue and Arterial Blood Temperatures in the Resting Human Forearm},
    publisher = {Journal of APPLIED PHYSIOLOGY},
    year = {1948},
    edition = {Volume 1},
   pages = {34},
}

 



@book
{Lawson,
	author = {RAY LAWSON},
    title = {IMPLICATIONS OF SURFACE TEMPERATURES IN THE DIAGNOSIS OF BREAST CANCER},
    year = {1956},
    publisher = {Clinical and Laboratory Notes},
    Adress = { Montreal, Canadá }
    edition = {Volume 75},
    pages = {34},
}

@book
{Adomian,
	author = {George Adomian},
    title = {Solving Frontier Problems of Physics: The Decomposition Method},
    year = {1956},
    publisher = {Kluwer Academic Publishers},
    Adress = { Boston }
    edition = {Volume 60},
    pages = {352},
}

@article{Jornal,
  title={A Review of the  Decomposition Method in Applied Mathematics},
  author={George Adomian},
  journal={Journal of Mathematical Analysis and Applications},
  number={135},
  pages={501--544},
  year={1988},
}
@article{Revista,
  title={A Solution of Nonlinear Equation for The Gravity Wave Spectra From Adomian Decomposition Method: A First Approach},
  author={Antonio Goulart;Davidson Moreira;Luiz Pimentel and Jesus Guerrero},
  journal={Revista Brasileira de Metereologia},
  number={4},
  pages={357--363},
  year={2013},
  Volume{28},
}

@article{Dehghan,
  title={Application of the Adomian decomposition method for two-dimensional parabolic equation subject to nonstandard boundary specifications},
  author={Mehdi Dehghan},
  journal={Applied Mathematics and Computation},
  number={157},
  pages={549--560},
  year={2004},
}


@article{Equacao,
  title={An Analytic Solution of One-dimensional Steady-state Pennes' Bioheat Transfer Equation in Cylindrical Coordinates},
  author={Kai Yue and Xinxin Zhang and Fan Yu},
  journal={Journal of Thermal Science},
  number={3},
  pages={255--258},
  volume={13},
  year={2004},
}

@article{convergencia,
  title={New Approach for General Convergence of the Adomian Decomposition Method},
  author={S. Saha Ray},
  journal={World Applied Sciences Journa},
  pages={ 2264-2268},
  year={2014},
}

@masterthesis
{Fabricio,
	author = {Fabrício Ribeiro Bueno},
    title = {Análise inversa com uso de algoritmo genético para localização de tumores de pele discretizados em elementos de contorno com reciprocidade dual},
    year = {2008},
    adress = {Universidade Estadual de Campinas},
    pages = {76},
}



@masterthesis
{Schneider,
	author = {Eduardo da Silva Schneider},
    title = {Solução das Equações da Cinética Pontual pelo Método da Decomposição de Adomian},
    year = {2006},
    adress = {Universidade Federal do Rio Grande do Sul},
}



@masterthesis
{Marcus,
	author = {Marcus Vinicius Costa de Souza},
    title = {Otimização de termos fontes em problemas de biotransferência de calor },
    year = {2009},
    adress = {Instituto militar de engenharia},
    pages = {170},
}


@masterthesis
{Adriana,
	author = {Adriana Elisa Ladeira Pereira},
    title = {O Método da Decomposição de Adomian Aplicado à Interação  Fluido-Estrutura de um Cabo },
    year = {2010},
    adress = {Porto Alegre, Instituto Federal do Rio Grande do Sul},
    pages = {178},
}
@masterthesis
{Giselle,
	author = {Giselle Maria Lopes Leite da Silva},
    title = {Análise da biotransferência de calor nos tecidos oculares devido à presença de implantes retinianos através da utilização do método dos volumes finitos em malhas não-estruturadas },
    year = {2004},
    adress = {Recife, Universidade Federal de Pernambuco },
    pages = {59},

} 

@masterthesis
{Carla,
	author = {Carla Simone Cardoso Guimarães},
    title = {Modelagem computacional da biotransferência de calor no tratamento por hipertermia em tumores de duodeno através do método dos volumes finitos em malhas não-estruturadas},
    year = {2003},
    adress = {Universidade Federal de Pernambuco},
    pages = {80}
    }
  @article{Andersson,
  title={mathematical model for predicting the temperature distribution in laser-induced hyperthermia. Experimental evaluation and applications},
  author={C.Sturesson and Stefan Anderrson-Engels},
  pages={18},
  year={1995},
  
}
@article{Olho,
  title={Análise computacional do dano térmico no olho humano portador de um melanoma de coroide quando submetido à termoterapia transpupilar a laser},
  author={José Duarte da Silva and Paulo Roberto Maciel Lyra and Rita de Cássia Fernandes de Lima},
  journal={Revista Brasileira de Engenharia Biomédica},
  pages={69},
  year={2013},
  
}

@book
{Jain,
	author = {Jain R.K},
    title = {Bioheat transfer: mathematical models of thermal systems Hyperthermia in Cancer Therapy},
    year = {1983},
    Adress = { Boston }
    pages = {9-46},
}

@manual
{Estimativa,
	author = {Ministério da Educaçao},
    title = { Estimativa-2018 Incidência de Câncer no Brasil},
    publisher = {INCA},
    year = {2018},
    pages = {126},
}




Ver em: http://www.sbd.org.br/; Acesso em: 15 març. 2018.
Verem:http://www2.inca.gov.br/wps/wcm/connect/inca/portal/home; Acesso em: 30 març. 2018.


